<record><leader>00000cas a2200000 a 4500</leader><controlfield tag="001">37151522</controlfield><controlfield tag="007">hd afu---bucu</controlfield><controlfield tag="008">970619d17851787nyudn nea     0    0eng c</controlfield><datafield ind1=" " ind2=" " tag="010"><subfield code="a">  2004252472</subfield></datafield><datafield ind1=" " ind2=" " tag="040"><subfield code="a">BOS</subfield><subfield code="b">eng</subfield><subfield code="c">BOS</subfield><subfield code="d">OCL</subfield><subfield code="d">WAU</subfield><subfield code="d">OCLCQ</subfield><subfield code="d">OCLCG</subfield><subfield code="d">OCLCQ</subfield><subfield code="d">OCLCF</subfield><subfield code="d">OCLCO</subfield><subfield code="d">OCLCQ</subfield></datafield><datafield ind1=" " ind2=" " tag="019"><subfield code="a">37597714</subfield></datafield><datafield ind1=" " ind2=" " tag="042"><subfield code="a">pcc</subfield></datafield><datafield ind1=" " ind2=" " tag="043"><subfield code="a">n-us-ny</subfield></datafield><datafield ind1=" " ind2="4" tag="050"><subfield code="a">AN20.N48</subfield><subfield code="b">N42</subfield></datafield><datafield ind1="0" ind2="4" tag="245"><subfield code="a">The daily advertiser ; political, historical, and commercial.</subfield></datafield><datafield ind1="3" ind2="0" tag="246"><subfield code="a">Daily advertiser</subfield></datafield><datafield ind1=" " ind2=" " tag="260"><subfield code="a">New-York [N.Y.] :</subfield><subfield code="b">Printed by Francis Childs,</subfield><subfield code="c">1785-1787.</subfield></datafield><datafield ind1=" " ind2=" " tag="300"><subfield code="a">3 volumes :</subfield><subfield code="b">illustrations (chiefly advertisements) ;</subfield><subfield code="c">47-52 cm</subfield></datafield><datafield ind1=" " ind2=" " tag="310"><subfield code="a">Daily (except Sunday)</subfield></datafield><datafield ind1=" " ind2=" " tag="336"><subfield code="a">text</subfield><subfield code="b">txt</subfield><subfield code="2">rdacontent</subfield></datafield><datafield ind1=" " ind2=" " tag="337"><subfield code="a">microform</subfield><subfield code="b">h</subfield><subfield code="2">rdamedia</subfield></datafield><datafield ind1=" " ind2=" " tag="338"><subfield code="a">microfilm reel</subfield><subfield code="b">hd</subfield><subfield code="2">rdacarrier</subfield></datafield><datafield ind1="0" ind2=" " tag="362"><subfield code="a">Vol. 1, no. 203 (Oct. 22, 1785)-v. 3, no. 825 (Oct. 16, 1787).</subfield></datafield><datafield ind1=" " ind2=" " tag="533"><subfield code="a">Microfilm.</subfield><subfield code="b">New Canaan, CT :</subfield><subfield code="c">Readex Microprint Corp.,</subfield><subfield code="e">2 microfilm reels ; 35 mm.</subfield><subfield code="f">(Early American newspapers).</subfield><subfield code="n">Filmed with other titles.</subfield><subfield code="n">Imprint varies: Naples, FL : NewsBank Readex.</subfield></datafield><datafield ind1=" " ind2="0" tag="651"><subfield code="a">New York (N.Y.)</subfield><subfield code="v">Newspapers.</subfield></datafield><datafield ind1=" " ind2="0" tag="651"><subfield code="a">New York County (N.Y.)</subfield><subfield code="v">Newspapers.</subfield></datafield><datafield ind1=" " ind2="7" tag="651"><subfield code="a">New York (State)</subfield><subfield code="z">New York.</subfield><subfield code="2">fast</subfield><subfield code="0">(OCoLC)fst01204333</subfield></datafield><datafield ind1=" " ind2="7" tag="651"><subfield code="a">New York (State)</subfield><subfield code="z">New York County.</subfield><subfield code="2">fast</subfield><subfield code="0">(OCoLC)fst01234953</subfield></datafield><datafield ind1=" " ind2="7" tag="655"><subfield code="a">Newspapers.</subfield><subfield code="2">fast</subfield><subfield code="0">(OCoLC)fst01423814</subfield></datafield><datafield ind1="1" ind2=" " tag="700"><subfield code="a">Childs, Francis,</subfield><subfield code="d">1763-1830.</subfield></datafield><datafield ind1=" " ind2=" " tag="752"><subfield code="a">United States</subfield><subfield code="b">New York</subfield><subfield code="c">New York</subfield><subfield code="d">New York.</subfield></datafield><datafield ind1="1" ind2=" " tag="776"><subfield code="c">Original</subfield><subfield code="w">(DLC)sn 83030006</subfield><subfield code="w">(OCoLC)9293803</subfield></datafield><datafield ind1="0" ind2="0" tag="780"><subfield code="t">Daily advertiser, political, commercial, and historical</subfield><subfield code="w">(DLC)  2004252471</subfield><subfield code="w">(OCoLC)37151508</subfield></datafield><datafield ind1="0" ind2="0" tag="785"><subfield code="t">Daily advertiser (New York, N.Y. : 1787)</subfield><subfield code="w">(DLC)  2004252473</subfield><subfield code="w">(OCoLC)37151421</subfield></datafield><datafield ind1=" " ind2="0" tag="830"><subfield code="a">Early American newspapers.</subfield></datafield><datafield ind1="1" ind2=" " tag="029"><subfield code="a">AU@</subfield><subfield code="b">000025516143</subfield></datafield></record>